@article{bioperl:2002,
  author={J.E. Stajich and D. Block and K. Boulez and S.E. Brenner and S.A. Chervitz and C. Dagdigian and G. Fuellen and J.G. Gilbert and I. Korf and H. Lapp and H. Lehvaslaiho and C. Matsalla and C.J. Mungall and B.I. Osborne and M.R. Pocock and P. Schattner and M. Senger and L.D. Stein and E. Stupka and M.D. Wilkinson and E. Birney},
  title="The Bioperl toolkit: Perl modules for the life sciences.",
  journal="Genome Res.",
  year=2002,
  volume=12,
  number=10,
  pages="1611-1618",
  doi={10.1101/gr.361602},
  pmid="12368254"
}

@article{agents:2007,
  author={Emanuela Merelli and Giuliano Armano and Nicola Cannata and Flavio Corradini and Mark d'Inverno and Andreas Doms and Phillip W. Lord and Andrew Martin and Luciano Milanesi and Steffen M\"oller and Michael Schroeder and Michael Luck},
  title="Agents in bioinformatics, computational and systems biology.",
  journal="Briefings in Bioinformatics",
  volume=2007,
  volume=8,
  number=1,
  pages="45-59"
}
